
@InCollection{hartmann_2008,
  author = 	 {R. Hartmann},
  title = 	 {Numerical Analysis of Higher Order Discontinuous {G}alerkin Finite Element Methods},
  booktitle = 	 {VKI LS 2008-08: CFD - ADIGMA course on very high order discretization methods, Oct. 13-17, 2008},
  publisher =	 {Von Karman Institute for Fluid Dynamics, Rhode Saint Gen{\`e}se, Belgium},
  year =	 2008,
  editor =	 {H. Deconinck},
}

@article{zhang_error_2004,
	title = {Error estimates to Smooth solutions of {R}unge--{K}utta discontinuous {G}alerkin methods for scalar conservation laws},
	volume = {42},
	issn = {0036-1429, 1095-7170},
	url = {http://epubs.siam.org/doi/abs/10.1137/S0036142902404182},
	doi = {10.1137/S0036142902404182},
	language = {en},
	number = {2},
	urldate = {2015-08-17},
	journal = {SIAM Journal on Numerical Analysis},
	author = {Zhang, Q. and Shu, C.-W.},
	month = jan,
	year = {2004},
	pages = {641--666},
}

@article{cockburn_discontinuous_2003,
	title = {{D}iscontinuous {G}alerkin methods},
	volume = {83},
	issn = {1521-4001},
	url = {http://dx.doi.org/10.1002/zamm.200310088},
	doi = {10.1002/zamm.200310088},
	number = {11},
	journal = {ZAMM - Journal of Applied Mathematics and Mechanics},
	author = {Cockburn, B.},
	year = {2003},
	keywords = {discontinuous Galerkin methods, finite element methods},
	pages = {731--754},
}

@article{cockburn1991rungeI,
  title={{T}he {R}unge-{K}utta local projection $P^1$-discontinuous-{G}alerkin finite element method for scalar conservation laws},
  author={{C}ockburn, {B}. and {S}hu, {C}.-{W}.},
  journal={RAIRO-{M}od{\'e}lisation math{\'e}matique et analyse num{\'e}rique},
  volume={25},
  number={3},
  pages={337--361},
  year={1991}
}

@article{cockburn1989tvbII,
  title={{TVB} {R}unge-{K}utta local projection discontinuous {G}alerkin finite element method for conservation laws.~II.~{G}eneral framework},
  author={{C}ockburn, {B}. and {S}hu, {C}.-{W}.},
  journal={{M}athematics of Computation},
  volume={52},
  number={186},
  pages={411--435},
  year={1989}
}

@article{cockburn1989tvbIII,
  title={{TVB} {R}unge-{K}utta local projection discontinuous {G}alerkin finite element method for conservation laws III: one-dimensional systems},
  author={{C}ockburn, {B}. and {L}in, {S}an-{Y}ih and {S}hu, {C}.-{W}.},
  journal={{J}ournal of Computational Physics},
  volume={84},
  number={1},
  pages={90--113},
  year={1989},
  publisher={{E}lsevier}
}

@article{cockburn1990rungeIV,
  title={{T}he {R}unge-{K}utta local projection discontinuous {G}alerkin finite element method for conservation laws.~IV.~{T}he multidimensional case},
  author={{C}ockburn, {B}. and {H}ou, {S}uchung and {S}hu, {C}.-{W}.},
  journal={{M}athematics of Computation},
  volume={54},
  number={190},
  pages={545--581},
  year={1990}
}

@article{cockburn1990rungeV,
  title={{T}he {R}unge-{K}utta local projection discontinuous {G}alerkin finite element method for conservation laws.~IV.~{T}he multidimensional case},
  author={{C}ockburn, {B}. and {H}ou, {S}. and {S}hu, {C}.-{W}.},
  journal={{M}athematics of Computation},
  volume={54},
  number={190},
  pages={545--581},
  year={1990}
}

@book{cockburn_book,
  author={{C}ockburn, {B}. and {K}arniadakis, {G}.~{E}. and {S}hu, {C}.-{W}.},
  title={{D}iscontinuous Galerkin Methods. Lect. Notes Comput. Sci. Eng.},
  publisher={Springer},
  year={2000}
}
