@article{goto2008anatomy,
  title={{Anatomy of High-Performance Matrix Multiplication}},
  author={Goto, Kazushige and van de Geijn, Robert A},
  journal={ACM Transactions on Mathematical Software (TOMS)},
  volume={34},
  number={3},
  pages={12},
  year={2008},
  publisher={ACM}
}

@article{dumbser2014posteriori,
  title={{A posteriori subcell limiting of the discontinuous Galerkin finite element method for hyperbolic conservation laws}},
  author={Dumbser, Michael and Zanotti, Olindo and Loub{\`e}re, Rapha{\"e}l and Diot, Steven},
  journal={Journal of Computational Physics},
  volume={278},
  pages={47--75},
  year={2014},
  publisher={Elsevier}
}

@article{dumbser2015high,
  title={{High order ADER schemes for a unified first order hyperbolic formulation of continuum mechanics: viscous heat-conducting fluids and elastic solids}},
  author={Dumbser, Michael and Peshkov, Ilya and Romenski, Evgeniy and Zanotti, Olindo},
  journal={arXiv preprint arXiv:1511.08995},
  year={2015}
}

@misc{Software:Peano,
  author = {Tobias Weinzierl and others},
  title  = {Peano---a {F}ramework for {PDE} {S}olvers on {S}pacetree {G}rids},
  year   = {2016}, 
  note   = {\url{http://www.peano-framework.org}}
}

@inproceedings{seissol,
  title={{Sustained Petascale Performance of Seismic Simulations with SeisSol on Supermuc}},
  author={Breuer, Alexander and Heinecke, Alexander and Rettenberger, Sebastian and Bader, Michael and Gabriel, Alice-Agnes and Pelties, Christian},
  booktitle={Supercomputing},
  pages={1--18},
  year={2014},
  organization={Springer}
}

@inproceedings{seissol2,
  title={{Accelerating SeisSol by Generating Vectorized Code for Sparse Matrix Operators.}},
  author={Breuer, Alexander and Heinecke, Alexander and Bader, Michael and Pelties, Christian},
  booktitle={PARCO},
  pages={347--356},
  year={2013}
}

@article{karlsson2014optimally,
  title={{Optimally packed chains of bulges in multishift QR algorithms}},
  author={Karlsson, Lars and Kressner, Daniel and Lang, Bruno},
  journal={ACM Transactions on Mathematical Software (TOMS)},
  volume={40},
  number={2},
  pages={12},
  year={2014},
  publisher={ACM}
}

@techreport{dongarra2016proposed,
  title={{A Proposed API for Batched Basic Linear Algebra Subprograms}},
  author={Dongarra, Jack and Duff, Iain and Gates, Mark and Haidar, Azzam and Hammarling, Sven and Higham, Nicholas J and Hogg, Jonathon and Valero-Lara, Pedro and Relton, Samuel D and Tomov, Stanimire and Zounon, Mawussi},
  year={2016},
  note={Available at \url{http://eprints.ma.man.ac.uk/2464/01/covered/MIMS_ep2016_25.pdf}}
}

@misc{libxsmm,
  title={{LIBXSMM: A High Performance Library for Small Matrix Multiplications}},
  author={Heinecke, Alexander and Pabst, Hans and Henry, Greg},
  note={Poster presented at SC'15: The International Conference for High Performance Computing, Networking, Storage and Analysis, Austin (Texas).}
}

@misc{libxsmmconversation,
  title={{E-Mail Communication: Workaround for arbitrary scalars im LIBXSMM}},
  author={Heinecke, Alexander}
}

@misc{libxsmmfeaturerequest,
  title={{E-Mail Communication: Feature Request for introducting arbitrary scalar to LIBXSMM}},
  author={Heinecke, Alexander}
}


